@Book{Gerstner_2002,
  Title                    = {{Spiking Neuron Models: Single Neurons, Populations, Plasticity}},
  Author                   = {Gerstner, W. and Kistler, W. M.},
  Publisher                = {Cambridge University Press},
  Year                     = {2002},

  Address                  = {New York, NY, USA},

  ISBN                     = {0521890799}
}

@Article{Morris_1981,
  Title                    = {{Voltage Oscillations in the Barnacle Giant Muscle Fiber}},
  Author                   = {Morris, C. and Lecar, H.},
  Journal                  = {Biophysical Journal},
  Year                     = {1981},
  Number                   = {1},
  Pages                    = {193-213},
  Volume                   = {35},

  Owner                    = {fabian},
  Timestamp                = {2017.12.19}
}

@Article{Fitzhugh_1961,
  Title                    = {{Impulses and Physiological States in Theoretical Models of Nerve Membrane}},
  Author                   = {Fitzhugh, R.},
  Journal                  = {Biophysical Journal},
  Year                     = {1961},
  Number                   = {6},
  Pages                    = {445-466},
  Volume                   = {1},

  Owner                    = {fabian},
  Timestamp                = {2017.12.19}
}

@Article{Sompolinsky_1988,
  Title                    = {{Chaos in Random Neural Networks}},
  Author                   = {Sompolinsky, H. and Crisanti, A. and Sommers, H. J.},
  Journal                  = {Phys. Rev. Lett.},
  Year                     = {1988},

  Month                    = {Jul},
  Pages                    = {259--262},
  Volume                   = {61},

  Doi                      = {10.1103/PhysRevLett.61.259},
  Issue                    = {3},
  Numpages                 = {0},
  Publisher                = {American Physical Society},
  Url                      = {https://link.aps.org/doi/10.1103/PhysRevLett.61.259}
}

@Article{Vreeswijk_1996,
  Title                    = {{Chaos in neuronal networks with balanced excitatory and inhibitory activity.}},
  Author                   = {van Vreeswijk, C. and Sompolinsky, H.},
  Journal                  = {Science},
  Year                     = {1996},
  Pages                    = {1724--1726},
  Volume                   = {274},

  Keywords                 = {Animals; Cerebral Cortex; Haplorhini; Models,Neurological; Nerve Net; Neurons; Nonlinear Dynami},
  Pmid                     = {8939866}
}

@Article{Brunel_2000,
  Title                    = {{Dynamics of sparsely connected networks of excitatory and inhibitory spiking neurons.}},
  Author                   = {Brunel, N.},
  Journal                  = {J Comput Neurosci},
  Year                     = {2000},
  Pages                    = {183--208},
  Volume                   = {8},

  File                     = {:home/pierre/Mendeley/Brunel - 2000.pdf:pdf},
  Keywords                 = {Action Potentials; Biological Clocks; Brain; Corti,Neurological; Nerve Net; Neural Inhibition; Neural},
  Pmid                     = {10809012}
}
