% This file was created with JabRef 2.10.
% Encoding: UTF-8


@Article{Bean_2007,
  Title                    = {{The action potential in
mammalian central neurons}},
  Author                   = {Bean, B. P.},
  Journal                  = {Nature Reviews, Neuroscience},
  Year                     = {2007},

  Month                    = {June},
  Volume                   = {8},

  Owner                    = {fabian},
  Timestamp                = {2018.03.06}
}

@Book{Izhikevich_2007,
  Title                    = {Dynamical Systems in Neuroscience},
  Author                   = {Izhikevich, E. M.},
  Publisher                = {The MIT Press, Cambridge Massachusetts},
  Year                     = {2007},

  Owner                    = {fabian},
  Timestamp                = {2018.03.06}
}

